
@misc{balka_jbstatistics:_2013,
	title = {{JBStatistics}: {Making} {Statistics} {Make} {Sense}},
	url = {http://www.jbstatistics.com},
	author = {Balka, Jeremy},
	year = {2013}
}

@misc{yau_r_2018,
	title = {R tutorial: an {R} introduction to statistics},
	url = {http://www.r-tutor.com},
	author = {Yau, Chi},
	year = {2018}
}

@misc{lane_online_2018,
	title = {Online {Statistics} {Education}: {An} {Interactive} {Multimedia} {Course} of {Study}},
	url = {http://onlinestatbook.com/},
	author = {Lane, David M.},
	year = {2018}
}

@misc{taylor_math5741m:_2017,
	title = {{MATH}5741M: {Statistical} {Theory} and {Methods}},
	publisher = {School of Mathematics - University of Leeds},
	author = {Taylor, Charles},
	year = {2017}
}